<?xml version="1.0" encoding="UTF-8"?><record xmlns="http://www.loc.gov/MARC21/slim" xmlns:cinclude="http://apache.org/cocoon/include/1.0" xmlns:zs="http://www.loc.gov/zing/srw/">
  <leader>00841cz  a2200169n  4500</leader>
  <controlfield tag="001">n 2012070979</controlfield>
  <controlfield tag="003">DLC</controlfield>
  <controlfield tag="005">20121116075137.0</controlfield>
  <controlfield tag="008">121108n| azannaabn          |n aaa      </controlfield>
  <datafield tag="010" ind1=" " ind2=" ">
    <subfield code="a">n 2012070979</subfield>
  </datafield>
  <datafield tag="035" ind1=" " ind2=" ">
    <subfield code="a">(Uk)008622492</subfield>
  </datafield>
  <datafield tag="040" ind1=" " ind2=" ">
    <subfield code="a">DLC</subfield>
    <subfield code="b">eng</subfield>
    <subfield code="c">DLC</subfield>
    <subfield code="e">rda</subfield>
    <subfield code="d">Uk</subfield>
  </datafield>
  <datafield tag="100" ind1="1" ind2=" ">
    <subfield code="a">Balog, Karol</subfield>
  </datafield>
  <datafield tag="373" ind1=" " ind2=" ">
    <subfield code="a">Slovak University of Technology Bratislava, Faculty of Materials Science and Technology in Trnava, Institute of Safety and Environmental Engineering, Slovak Republic</subfield>
  </datafield>
  <datafield tag="375" ind1=" " ind2=" ">
    <subfield code="a">male</subfield>
  </datafield>
  <datafield tag="377" ind1=" " ind2=" ">
    <subfield code="a">eng</subfield>
    <subfield code="a">slo</subfield>
  </datafield>
  <datafield tag="670" ind1=" " ind2=" ">
    <subfield code="a">Selected issues of safety engineering and exploitation of nuclear power plants in the context of EU energy policy, 2011:</subfield>
    <subfield code="b">verso t.p. (Karol Balog) p. 11 (Slovak University of Technology Bratislava, Faculty of Materials Science and Technology in Trnava, Institute of Safety and Environmental Engineering, Slovak Republic)</subfield>
  </datafield>
</record>